@article{oslab-threads,
author = {Operating Systems Laboratory},
title = {Threads},
year = 2011
}
